<record><leader>00000cas a22000007a 4500</leader><controlfield tag="001">28013072</controlfield><controlfield tag="008">930430u19uuuuuunjuwr ne      0    0yid d</controlfield><datafield ind1=" " ind2=" " tag="010"><subfield code="a">sn 93062905 </subfield></datafield><datafield ind1=" " ind2=" " tag="040"><subfield code="a">YOX</subfield><subfield code="b">eng</subfield><subfield code="c">YOX</subfield><subfield code="d">OCLCQ</subfield><subfield code="d">OCLCF</subfield><subfield code="d">OCLCO</subfield><subfield code="d">OCLCQ</subfield></datafield><datafield ind1=" " ind2=" " tag="066"><subfield code="c">(2</subfield></datafield><datafield ind1="0" ind2=" " tag="041"><subfield code="a">yid</subfield><subfield code="a">eng</subfield></datafield><datafield ind1=" " ind2=" " tag="042"><subfield code="a">msc</subfield></datafield><datafield ind1=" " ind2=" " tag="043"><subfield code="a">n-us-nj</subfield></datafield><datafield ind1="0" ind2="3" tag="245"><subfield code="6">880-01</subfield><subfield code="a">Di Dzshoyrzi sht&#803;ime =</subfield><subfield code="b">The Jersey voice.</subfield></datafield><datafield ind1="3" ind2="1" tag="246"><subfield code="a">Jersey voice</subfield></datafield><datafield ind1=" " ind2=" " tag="260"><subfield code="a">Bayonne, N.J. :</subfield><subfield code="b">Jersey Voice Pub. Co.</subfield></datafield><datafield ind1=" " ind2=" " tag="300"><subfield code="a">volumes</subfield></datafield><datafield ind1=" " ind2=" " tag="310"><subfield code="a">Weekly</subfield></datafield><datafield ind1=" " ind2=" " tag="336"><subfield code="a">text</subfield><subfield code="b">txt</subfield><subfield code="2">rdacontent</subfield></datafield><datafield ind1=" " ind2=" " tag="337"><subfield code="a">unmediated</subfield><subfield code="b">n</subfield><subfield code="2">rdamedia</subfield></datafield><datafield ind1=" " ind2=" " tag="338"><subfield code="a">volume</subfield><subfield code="b">nc</subfield><subfield code="2">rdacarrier</subfield></datafield><datafield ind1=" " ind2=" " tag="546"><subfield code="a">In Yiddish and English.</subfield></datafield><datafield ind1=" " ind2=" " tag="588"><subfield code="a">Description based on: Vol. 3, no. 2 (Feb. 3, 1928).</subfield></datafield><datafield ind1=" " ind2="0" tag="650"><subfield code="a">Jewish newspapers</subfield><subfield code="z">New Jersey.</subfield></datafield><datafield ind1=" " ind2="7" tag="650"><subfield code="a">Jewish newspapers.</subfield><subfield code="2">fast</subfield><subfield code="0">(OCoLC)fst00982872</subfield></datafield><datafield ind1=" " ind2="7" tag="651"><subfield code="a">New Jersey.</subfield><subfield code="2">fast</subfield><subfield code="0">(OCoLC)fst01208379</subfield></datafield><datafield ind1=" " ind2=" " tag="752"><subfield code="a">United States</subfield><subfield code="b">New Jersey</subfield><subfield code="c">Hudson</subfield><subfield code="d">Bayonne.</subfield></datafield><datafield ind1="0" ind2="3" tag="880"><subfield code="6">245-01/(2/r</subfield><subfield code="a">&#1491;&#1497; &#1491;&#1494;&#1513;&#1521;&#1512;&#1494;&#1497; &#1513;&#1496;&#1497;&#1502;&#1506;.</subfield></datafield><datafield ind1="1" ind2=" " tag="029"><subfield code="a">AU@</subfield><subfield code="b">000025874899</subfield></datafield></record>